<collection xmlns="http://www.loc.gov/MARC21/slim"><record><leader>00716nam  2200217   450</leader><controlfield tag="001">97</controlfield><controlfield tag="003">http://montalegre.opacnet.com/OPAC/default.aspx?ContentAreaControl=ShowRegHoldings.ascx&amp;RegNo=16662</controlfield><controlfield tag="005">20</controlfield><datafield tag="100" ind1=" " ind2=" "><subfield code="a">20110923d1971    m  y0pory010305  ba</subfield></datafield><datafield tag="101" ind1="1" ind2=" "><subfield code="a">por</subfield><subfield code="c">fre</subfield></datafield><datafield tag="102" ind1=" " ind2=" "><subfield code="a">PT</subfield></datafield><datafield tag="200" ind1="1" ind2=" "><subfield code="a">Expedição ao Amazonas</subfield><subfield code="f">Alain Gheerbrant</subfield><subfield code="g">trad.: Virgílio Nunes Martinho</subfield></datafield><datafield tag="210" ind1=" " ind2=" "><subfield code="a">Lisboa</subfield><subfield code="c">Estampa</subfield><subfield code="d">1971</subfield></datafield><datafield tag="215" ind1=" " ind2=" "><subfield code="a">311, [6] p.</subfield><subfield code="d">19 cm</subfield></datafield><datafield tag="225" ind1="2" ind2=" "><subfield code="a">Aventura</subfield><subfield code="v">7</subfield></datafield><datafield tag="304" ind1=" " ind2=" "><subfield code="a">Tít. orig.: L'expédition Orénoque Amazone</subfield></datafield><datafield tag="675" ind1=" " ind2=" "><subfield code="a">82-992</subfield><subfield code="v">BN</subfield><subfield code="z">por</subfield></datafield><datafield tag="700" ind1=" " ind2="1"><subfield code="a">Gheerbrant</subfield><subfield code="b">Alain</subfield></datafield><datafield tag="702" ind1=" " ind2="1"><subfield code="a">Martinho</subfield><subfield code="b">Virgílio</subfield><subfield code="f">1928-1994</subfield><subfield code="4">730</subfield></datafield><datafield tag="801" ind1=" " ind2="0"><subfield code="a">PT</subfield><subfield code="b">Biblioteca Municipal de Montalegre</subfield><subfield code="g">RPC</subfield></datafield><datafield tag="909" ind1="&#9;" ind2=" "><subfield code="a">2</subfield></datafield><datafield tag="966" ind1=" " ind2=" "><subfield code="a">0008401</subfield><subfield code="l">BMM</subfield><subfield code="s">SCG 821 GHE exp 7</subfield></datafield><datafield tag="966" ind1=" " ind2=" "><subfield code="a">0008302</subfield><subfield code="l">BMM</subfield><subfield code="s">SCG 82-992 GHE exp 7</subfield></datafield></record></collection>